<?xml version="1.0" encoding="UTF-8"?><collection xmlns="http://www.loc.gov/MARC21/slim"><record><leader>00644nam--2200181-i-4500</leader><controlfield tag="001">000023442</controlfield><controlfield tag="002">20161230</controlfield><controlfield tag="005">20170113145938</controlfield><controlfield tag="008">060222s1000------------r-----000-0-eng-d</controlfield><datafield ind1=" " ind2=" " tag="040"><subfield code="a">IFIN-HH</subfield></datafield><datafield ind1=" " ind2=" " tag="080"><subfield code="a">53(061.3:091):37(061.3:091)</subfield></datafield><datafield ind1="1" ind2=" " tag="100"><subfield code="a">Brush, Stephen G</subfield></datafield><datafield ind1="1" ind2="0" tag="245"><subfield code="a">History in the teaching of physics. Proceedings of the international working seminar on the role of the history of physics in phisics education</subfield><subfield code="c">Stephen B. Bush, Allen L. King</subfield></datafield><datafield ind1=" " ind2=" " tag="260"><subfield code="a">Hanover, New Hampshire</subfield><subfield code="b">University Press Of New England</subfield><subfield code="c">1972</subfield></datafield><datafield ind1=" " ind2=" " tag="300"><subfield code="a">XI + 116 p</subfield></datafield><datafield ind1="1" ind2=" " tag="700"><subfield code="a">King, Allen L</subfield></datafield><datafield ind1=" " ind2=" " tag="852"><subfield code="a">42196</subfield><subfield code="c">53.01</subfield></datafield><datafield ind1=" " ind2=" " tag="CAT"><subfield code="a">SYS</subfield><subfield code="c">20170113</subfield><subfield code="h">145938</subfield></datafield></record></collection>